@book{Gonzalez2007,
abstract = {Front Matter},
author = {Gonzalez, Teofilo F.},
file = {:home/para/Documents/ULB/graph{\_}partitioning/Gonzalez{\_}-{\_}Handbook of Approximation Algorithms and Metaheuristics.pdf:pdf},
isbn = {1584885505},
publisher = {Chapman {\&} Hall/CRC},
title = {{Handbook of Approximation Algorithms and Metaheuristics}},
year = {2007}
}
